@inproceedings{baek2025researchagent,
  title={ResearchAgent: Iterative Research Idea Generation over Scientific Literature with Large Language Models},
  author={Baek, Jinheon and Jauhar, Sujay Kumar and Cucerzan, Silviu and Hwang, Sung Ju},
  booktitle={Nations of the Americas Chapter of the Association for Computational Linguistics},
  pages={6709--6738},
  year={2025}
}

@inproceedings{yang2024large,
  title={Large Language Models for Automated Open-domain Scientific Hypotheses Discovery},
  author={Yang, Zonglin and Du, Xinya and Li, Junxian and Zheng, Jie and Poria, Soujanya and Cambria, Erik},
  booktitle={Findings of the Association for Computational Linguistics},
  pages={13545--13565},
  year={2024}
}

@inproceedings{si2024can,
  title={Can LLMs Generate Novel Research Ideas? A Large-Scale Human Study with 100+ NLP Researchers},
  author={Si, Chenglei and Yang, Diyi and Hashimoto, Tatsunori},
  booktitle={International Conference on Learning Representations},
  year={2024}
}

@inproceedings{wang2023scimon,
  title={Scimon: Scientific inspiration machines optimized for novelty},
  author={Wang, Qingyun and Downey, Doug and Ji, Heng and Hope, Tom},
  booktitle={Annual Meeting of the Association for Computational Linguistics},
  pages={279--299},
  year={2023}
}

@inproceedings{huang2024mlagentbench,
  title={MLAgentBench: evaluating language agents on machine learning experimentation},
  author={Huang, Qian and Vora, Jian and Liang, Percy and Leskovec, Jure},
  booktitle={International Conference on Machine Learning},
  pages={20271--20309},
  year={2024}
}

@article{wang2024autosurvey,
  title={Autosurvey: Large language models can automatically write surveys},
  author={Wang, Yidong and Guo, Qi and Yao, Wenjin and Zhang, Hongbo and Zhang, Xin and Wu, Zhen and Zhang, Meishan and Dai, Xinyu and Wen, Qingsong and Ye, Wei and others},
  journal={Advances in Neural Information Processing Systems},
  volume={37},
  pages={115119--115145},
  year={2024}
}

@article{lu2024ai,
  title={The ai scientist: Towards fully automated open-ended scientific discovery},
  author={Lu, Chris and Lu, Cong and Lange, Robert Tjarko and Foerster, Jakob and Clune, Jeff and Ha, David},
  journal={ArXiv Preprint},
  year={2024}
}

@article{yamada2025ai,
  title={The ai scientist-v2: Workshop-level automated scientific discovery via agentic tree search},
  author={Yamada, Yutaro and Lange, Robert Tjarko and Lu, Cong and Hu, Shengran and Lu, Chris and Foerster, Jakob and Clune, Jeff and Ha, David},
  journal={ArXiv Preprint},
  year={2025}
}

@inproceedings{weng2025cycleresearcher,
  title={CycleResearcher: Improving Automated Research via Automated Review},
  author={Weng, Yixuan and Zhu, Minjun and Bao, Guangsheng and Zhang, Hongbo and Wang, Jindong and Zhang, Yue and Yang, Linyi},
  booktitle={International Conference on Learning Representations},
  year={2025}
}

@inproceedings{guo2025ideabench,
  title={Ideabench: Benchmarking large language models for research idea generation},
  author={Guo, Sikun and Shariatmadari, Amir Hassan and Xiong, Guangzhi and Huang, Albert and Kim, Myles and Williams, Corey M and Bekiranov, Stefan and Zhang, Aidong},
  booktitle={Knowledge Discovery and Data Mining},
  pages={5888--5899},
  year={2025}
}

@inproceedings{pu2025ideasynth,
  title={Ideasynth: Iterative research idea development through evolving and composing idea facets with literature-grounded feedback},
  author={Pu, Kevin and Feng, KJ Kevin and Grossman, Tovi and Hope, Tom and Dalvi Mishra, Bhavana and Latzke, Matt and Bragg, Jonathan and Chang, Joseph Chee and Siangliulue, Pao},
  booktitle={Conference on Human Factors in Computing Systems},
  pages={1--31},
  year={2025}
}

@inproceedings{garikaparthi2025iris,
  title={Iris: Interactive research ideation system for accelerating scientific discovery},
  author={Garikaparthi, Aniketh and Patwardhan, Manasi and Vig, Lovekesh and Cohan, Arman},
  booktitle={Annual Meeting of the Association for Computational Linguistics},
  year={2025}
}

@inproceedings{erdogan2025plan,
  title={Plan-and-Act: Improving Planning of Agents for Long-Horizon Tasks},
  author={Erdogan, Lutfi Eren and Furuta, Hiroki and Kim, Sehoon and Lee, Nicholas and Moon, Suhong and Anumanchipalli, Gopala and Keutzer, Kurt and Gholami, Amir},
  booktitle={International Conference on Machine Learning},
  year={2025}
}

@inproceedings{yangagentoccam,
  title={AgentOccam: A Simple Yet Strong Baseline for LLM-Based Web Agents},
  author={Yang, Ke and Liu, Yao and Chaudhary, Sapana and Fakoor, Rasool and Chaudhari, Pratik and Karypis, George and Rangwala, Huzefa},
  booktitle={International Conference on Learning Representations},
  year={2024}
}

@inproceedings{zhang2025webpilot,
  title={Webpilot: A versatile and autonomous multi-agent system for web task execution with strategic exploration},
  author={Zhang, Yao and Ma, Zijian and Ma, Yunpu and Han, Zhen and Wu, Yu and Tresp, Volker},
  booktitle={AAAI Conference on Artificial Intelligence},
  volume={39},
  number={22},
  pages={23378--23386},
  year={2025}
}

@article{sun2023adaplanner,
  title={Adaplanner: Adaptive planning from feedback with language models},
  author={Sun, Haotian and Zhuang, Yuchen and Kong, Lingkai and Dai, Bo and Zhang, Chao},
  journal={Advances in Neural Information Processing Systems},
  volume={36},
  pages={58202--58245},
  year={2023}
}

@inproceedings{prasad2024adapt,
  title={ADaPT: As-Needed Decomposition and Planning with Language Models},
  author={Prasad, Archiki and Koller, Alexander and Hartmann, Mareike and Clark, Peter and Sabharwal, Ashish and Bansal, Mohit and Khot, Tushar},
  booktitle={Findings of the Association for Computational Linguistics},
  pages={4226--4252},
  year={2024}
}

@article{huang2024understanding,
  title={Understanding the planning of LLM agents: A survey},
  author={Huang, Xu and Liu, Weiwen and Chen, Xiaolong and Wang, Xingmei and Wang, Hao and Lian, Defu and Wang, Yasheng and Tang, Ruiming and Chen, Enhong},
  journal={ArXiv Preprint},
  year={2024}
}

@article{chen2024can,
  title={Can We Rely on LLM Agents to Draft Long-Horizon Plans? Let's Take TravelPlanner as an Example},
  author={Chen, Yanan and Pesaranghader, Ali and Sadhu, Tanmana and Yi, Dong Hoon},
  journal={ArXiv Preprint},
  year={2024}
}

@inproceedings{wang2023plan,
  title={Plan-and-Solve Prompting: Improving Zero-Shot Chain-of-Thought Reasoning by Large Language Models},
  author={Wang, Lei and Xu, Wanyu and Lan, Yihuai and Hu, Zhiqiang and Lan, Yunshi and Lee, Roy Ka-Wei and Lim, Ee-Peng},
  booktitle={Annual Meeting of the Association for Computational Linguistics},
  pages={2609--2634},
  year={2023}
}

@inproceedings{singh2023progprompt,
  title={ProgPrompt: Generating Situated Robot Task Plans using Large Language Models},
  author={Singh, Ishika and Blukis, Valts and Mousavian, Arsalan and Goyal, Ankit and Xu, Danfei and Tremblay, Jonathan and Fox, Dieter and Thomason, Jesse and Garg, Animesh},
  booktitle={International Conference on Robotics and Automation},
  pages={11523--11530},
  year={2023},
}

@inproceedings{erdogan2025planact,
  title={Plan-and-Act: Improving Planning of Agents for Long-Horizon Tasks},
  author={Erdogan, Lutfi Eren and Furuta, Hiroki and Kim, Sehoon and Lee, Nicholas and Moon, Suhong and Anumanchipalli, Gopala and Keutzer, Kurt and Gholami, Amir},
  booktitle={International Conference on Machine Learning},
  year={2025}
}

@inproceedings{kim2024llm,
  title={An llm compiler for parallel function calling},
  author={Kim, Sehoon and Moon, Suhong and Tabrizi, Ryan and Lee, Nicholas and Mahoney, Michael W and Keutzer, Kurt and Gholami, Amir},
  booktitle={International Conference on Machine Learning},
  year={2024}
}

@article{gil2014amplify,
  title={Amplify scientific discovery with artificial intelligence},
  author={Gil, Yolanda and Greaves, Mark and Hendler, James and Hirsh, Haym},
  journal={Science},
  volume={346},
  number={6206},
  pages={171--172},
  year={2014}
}

@article{xu2021artificial,
  title={Artificial intelligence: A powerful paradigm for scientific research},
  author={Xu, Yongjun and Liu, Xin and Cao, Xin and Huang, Changping and Liu, Enke and Qian, Sen and Liu, Xingchen and Wu, Yanjun and Dong, Fengliang and Qiu, Cheng-Wei and others},
  journal={The Innovation},
  volume={2},
  number={4},
  year={2021}
}

@article{wang2023scientific,
  title={Scientific discovery in the age of artificial intelligence},
  author={Wang, Hanchen and Fu, Tianfan and Du, Yuanqi and Gao, Wenhao and Huang, Kexin and Liu, Ziming and Chandak, Payal and Liu, Shengchao and Van Katwyk, Peter and Deac, Andreea and others},
  journal={Nature},
  volume={620},
  number={7972},
  pages={47--60},
  year={2023},
}

@inproceedings{hutter2001towards,
  title={Towards a universal theory of artificial intelligence based on algorithmic probability and sequential decisions},
  author={Hutter, Marcus},
  booktitle={European conference on machine learning},
  pages={226--238},
  year={2001},
}

@book{langley1987scientific,
  title={Scientific discovery: Computational explorations of the creative processes},
  author={Langley, Pat},
  year={1987},
}

@inproceedings{du2024llms,
  title={LLMs Assist NLP Researchers: Critique Paper (Meta-) Reviewing},
  author={Du, Jiangshu and Wang, Yibo and Zhao, Wenting and Deng, Zhongfen and Liu, Shuaiqi and Lou, Renze and Zou, Henry and Venkit, Pranav Narayanan and Zhang, Nan and Srinath, Mukund and others},
  booktitle={Empirical Methods in Natural Language Processing},
  pages={5081--5099},
  year={2024}
}

@article{achiam2023gpt,
  title={Gpt-4 technical report},
  author={Achiam, Josh and Adler, Steven and Agarwal, Sandhini and Ahmad, Lama and Akkaya, Ilge and Aleman, Florencia Leoni and Almeida, Diogo and Altenschmidt, Janko and Altman, Sam and Anadkat, Shyamal and others},
  journal={ArXiv Preprint},
  year={2023}
}

@article{zheng2023judging,
  title={Judging llm-as-a-judge with mt-bench and chatbot arena},
  author={Zheng, Lianmin and Chiang, Wei-Lin and Sheng, Ying and Zhuang, Siyuan and Wu, Zhanghao and Zhuang, Yonghao and Lin, Zi and Li, Zhuohan and Li, Dacheng and Xing, Eric and others},
  journal={Advances in Neural Information Processing Systems},
  volume={36},
  pages={46595--46623},
  year={2023}
}

@inproceedings{liu2023g,
  title={G-Eval: NLG Evaluation using Gpt-4 with Better Human Alignment},
  author={Liu, Yang and Iter, Dan and Xu, Yichong and Wang, Shuohang and Xu, Ruochen and Zhu, Chenguang},
  booktitle={Empirical Methods in Natural Language Processing},
  pages={2511--2522},
  year={2023}
}

@article{achiam2023gpt,
  title={Gpt-4 technical report},
  author={Achiam, Josh and Adler, Steven and Agarwal, Sandhini and Ahmad, Lama and Akkaya, Ilge and Aleman, Florencia Leoni and Almeida, Diogo and Altenschmidt, Janko and Altman, Sam and Anadkat, Shyamal and others},
  journal={ArXiv Preprint},
  year={2023}
}